@book{villalobos2021,
  author = {Villalobos, Jorge},
  publisher = {ResearchGate},
  year = {2024},
  month = {07},
  pages = {},
  title = {El Modelo de Negocio - Lecturas para Arquitectos de Negocio},
  isbn = {978-958-49-2393-6}
}

@book{few2010,
  author = {Stephen Few},
  publisher = {O'Reilly},
  title = {Information Dashboard Design: The Effective Visual Communication of Data},
  year = {2010},
  month = {3},
  pages = {224},
  isbn = {9780596100162}
}

@online{isort,
  author = {Korir, Nicanor},
  title = {Import Order: A Matter of Readability and Maintainability},
  year = {2023},
  url = {https://nicanorkorir.medium.com/import-order-a-matter-of-readability-and-maintainability-92d44df13e1d},
  urldate = {2024-10-22}
}

@misc{banner,
  author = {Ellucian},
  title = {Ellucian Banner},
  url = {https://www.ellucian.com/es/soluciones/ellucian-banner},
  note = {Consultado el 20 de noviembre de 2024}
}

@misc{advise,
  author = {Ellucian},
  title = {Ellucian CRM Advise},
  url = {https://www.ellucian.com/solutions/ellucian-crm-advise},
  note = {Consultado el 20 de noviembre de 2024}
}

@misc{oferta_cursos,
  author = {Universidad de los Andes},
  title = {Oferta de Cursos},
  url = {https://ofertadecursos.uniandes.edu.co/},
  note = {Consultado el 20 de noviembre de 2024}
}

@misc{ecosistema,
    title = {Ecosistema de anal√≠tica institucional},
    url = {https://uniandes.sharepoint.com/sites/gobierno-de-datos/SitePages/Estrategia-de-datos.aspx},
    note = {Consultado el 20 de noviembre de 2024},
    author = {Universidad de los Andes},
    year = {2024}
}
